@misc{codeofethics, 
 	title={Code of ethics}, 
 	url={https://www.nspe.org/resources/ethics/code-ethics#:~:text=Engineering%20has%20a%20direct%20and,health%2C%20safety%2C%20and%20welfare.}, 
 	journal={Code of Ethics | National Society of Professional Engineers}, 
	publisher={National Society of Professional Engineers}}

@misc{framework, 
	title={Data Ethics Framework}, 
	url={https://www.gov.uk/government/publications/data-ethics-framework}, 
	journal={GOV.UK}, 
	publisher={GOV.UK}, 
	author={Office, Central Digital and Data}, 
	year={2020}, 
	month={Sep}} 

@online{EUdataregulations2018,
    title = {2018 reform of EU data protection rules},
    url = {https://ec.europa.eu/commission/sites/beta-political/files/data-protection-factsheet-changes_en.pdf},
    organization = {European Commission},
    date = {2018-05-25},
    urldate = {2019-06-17}
}

 @misc{principles, 
 	title={Data ethics principles }, 
	url={https://dataethics.eu/data-ethics-principles/}, 
	journal={Dataetisk Tænkehandletank}, 
	author={Author:Dataethics}, 
	year={2021}, 
	month={Feb}} 

 @article{francis, 
 	url={https://www.kentonline.co.uk/kent/news/new-law-will-curb-online-abuse-and-harassment-259155/}, 
	 journal={Online Safety Bill: The government is promising tougher rules on abuse and harassment}, 
	 author={Francis, Paul}, 
	 year={2021}, 
	 month={Dec}} 

 @article{parliamentlaw, 
 	url={https://www.gov.uk/government/news/world-first-online-safety-laws-introduced-in-parliament}, 
	journal={World-first online safety laws introduced in Parliament}, 
	publisher={Department for Digital, Culture, Media &amp; Sport and The Rt Hon Nadine Dorries MP}, 
	year={2022}, 
	month={Mar}} 

 @misc{ukri, 
 	title={Framework for Responsible Innovation}, 
	url={https://www.ukri.org/about-us/epsrc/our-policies-and-standards/framework-for-responsible-innovation/}, 
	journal={UKRI},
	year={2022}, 
	month={Mar}} 

 @misc{energy, 
 	title={We need to grow green - the global energy consumption of Information Technologies [infographic]}, 
 	url={https://www.go-globe.com/we-need-to-grow-green-the-global-energy-consumption-of-information-technologies-infographic/}, 
	journal={GO}, 
	year={2021}, 
	month={Nov}} 

@inproceedings{energyplanguage,
	author = {Pereira, Rui and Couto, Marco and Ribeiro, Francisco and Rua, Rui and Cunha, J{\'a}come and Fernandes, Jo{\~a}o and Saraiva, Jo{\~a}o},
	doi = {10.1145/3136014.3136031},
	month = {10},
	pages = {256-267},
	title = {Energy efficiency across programming languages: how do energy, time, and memory relate?},
	year = {2017},
	Bdsk-Url-1 = {https://doi.org/10.1145/3136014.3136031}}

 @article{carbon, 
 	url={https://www.computerweekly.com/feature/Datacentre-energy-efficiency-Is-the-time-now-for-a-big-switch-off}, 
	 journal={Datacentre energy efficiency: Is the time now for a big switch-off?}, 
	 author={Doidge, Fleur}, 
	 year={2021}, 
	 month={Jan}} 

 @misc{selfnoise,
 	url={https://mynewmicrophone.com/self-noise/}} 

 @article{humanrange,
 	title={Preferences for very low and very high voice pitch in humans},
	volume={7},
	DOI={10.1371/journal.pone.0032719},
	number={3},
	journal={PLoS ONE},
	author={Re, Daniel E. and O'Connor, Jillian J. and Bennett, Patrick J. and Feinberg, David R.}, 
	year={2012}} 

 @misc{wavelet, 
 	title={Fourier vs. wavelet transform: What's the difference?},
	url={https://builtin.com/data-science/wavelet-transform}, 
	journal={Built In}, 
	author={Talebi, Shawhin}} 

@misc{ibrahem, 
	title={Image Processing}, 
	url={https://uotechnology.edu.iq/ce/lecture%202013n/4th%20Image%20Processing%20_Lectures/DIP_Lecture9.pdf}, 
	author={Ibrahem, Wassem Nahy}} 

@INPROCEEDINGS{wavelet_denoise,  
	author={Dautov, Çiğdem Polat and Özerdem, Mehmet Siraç},  
	booktitle={2018 26th Signal Processing and Communications Applications Conference (SIU)},   
	title={Wavelet transform and signal denoising using Wavelet method},   
	year={2018},  
	pages={1-4},  
	doi={10.1109/SIU.2018.8404418}}

@software{spectralcode,
  author       = {Tim Sainburg},
  title        = {timsainb/noisereduce: v1.0},
  month        = jun,
  year         = 2019,
  publisher    = {Zenodo},
  version      = {db94fe2},
  doi          = {10.5281/zenodo.3243139},
  url          = {https://doi.org/10.5281/zenodo.3243139}
}

@article{spectral,
  title={Finding, visualizing, and quantifying latent structure across diverse animal vocal repertoires},
  author={Sainburg, Tim and Thielk, Marvin and Gentner, Timothy Q},
  journal={PLoS computational biology},
  volume={16},
  number={10},
  pages={e1008228},
  year={2020},
  publisher={Public Library of Science}
}

 @misc{reductionmanual,
  title={Noise Reduction}, 
  url={https://sound.eti.pg.gda.pl/denoise/noise.html#:~:text=The%20spectral%20subtraction%20method%20is,ratio%20(SNR)%20is%20improved.}, 
  journal={Multitask Noisy Speech Enhancement System}, 
  publisher={ Multimedia Systems Department, Gdansk University of Technology and Air Force Academy in Deblin}, 
  year={2004}} 

 @phdthesis{complexwt, 
 	title={Complex Wavelet Transform}, 
 	url={https://citeseerx.ist.psu.edu/viewdoc/download?doi=10.1.1.102.6504&amp;rep=rep1&amp;type=pdf}, 
 	author={ D SHUKLA, Panchamkumar}, 
 	year={2003}} 

 @misc{audacity, 
 	title={How audacity noise reduction works}, 
	url={https://wiki.audacityteam.org/wiki/How_Audacity_Noise_Reduction_Works#:~:text=The%20noise%20reduction%20algorithm%20uses,noise%20in%20your%20sound%20file.}, 
	journal={How Audacity Noise Reduction Works - Audacity Wiki}} 

 @article{spectralflowchart, 
 	title={Noise removal in speech processing using spectral subtraction}, 
	volume={05}, 
	DOI={10.4236/jsip.2014.52006}, 
	number={02}, 
	journal={Journal of Signal and Information Processing}, 
	author={Karam, Marc and Khazaal, Hasan F. and Aglan, Heshmat and Cole, Cliston}, 
	year={2014}, 
	pages={32–41}} 

 @phdthesis{spectral_drawback, 
 	title={Implementation and Evaluation of Spectral Subtraction with Minimum Statistics using WOLA and FFT Modulated Filter Banks }, 
	url={https://www.diva-portal.org/smash/get/diva2:830201/FULLTEXT01.pdf}, 
	author={Rao, Peddi Srinivas and Sreelatha, Vallabhaneni}, 
	ear={2014}, 
	month={Jan}} 

@article{womenprange,
	author = {Robert E. McGlone  and Harry Hollien },
	title = {Vocal Pitch Characteristics of Aged Women},
	journal = {Journal of Speech and Hearing Research},
	volume = {6},
	number = {2},
	pages  = {164-170},
	year = {1963},
	doi = {10.1044/jshr.0602.164},
	URL = {https://pubs.asha.org/doi/abs/10.1044/jshr.0602.164},
	eprint = {https://pubs.asha.org/doi/pdf/10.1044/jshr.0602.164}}


@article{f0age,
	author = {Stathopoulos, Elaine and Huber, Jessica and Sussman, Joan},
	doi = {10.1044/1092-4388(2010/10-0036)},
	journal = {Journal of speech, language, and hearing research : JSLHR},
	month = {08},
	pages = {1011-21},
	title = {Changes in Acoustic Characteristics of the Voice Across the Life Span: Measures From Individuals 4-93 Years of Age},
	volume = {54},
	year = {2011},
	bdsk-url-1 = {https://doi.org/10.1044/1092-4388(2010/10-0036)}}

 @misc{praat, 
 	url={https://www.fon.hum.uva.nl/praat/manual/Intro_4_2__Configuring_the_pitch_contour.html}, 
	journal={Measuring F0 Contours using Praat}, 
	author={Goldstein, Louis}} 

 @misc{bessel, 
 	title={Bessel filter}, 
	url={https://www.sciencedirect.com/topics/engineering/bessel-filter}, 
	journal={Bessel Filter - an overview | ScienceDirect Topics}} 