@misc{NNVNotes,
    author = "Pawan K",
    title = "Neural Network Verification",
    year = "2020"
}
@inproceedings{NEURIPS2018_be53d253,
	author = {Bunel, Rudy R and Turkaslan, Ilker and Torr, Philip and Kohli, Pushmeet and Mudigonda, Pawan K},
	booktitle = {Advances in Neural Information Processing Systems},
	editor = {S. Bengio and H. Wallach and H. Larochelle and K. Grauman and N. Cesa-Bianchi and R. Garnett},
	publisher = {Curran Associates, Inc.},
	title = {A Unified View of Piecewise Linear Neural Network Verification},
	url = {https://proceedings.neurips.cc/paper/2018/file/be53d253d6bc3258a8160556dda3e9b2-Paper.pdf},
	volume = {31},
	year = {2018},
	Bdsk-Url-1 = {https://proceedings.neurips.cc/paper/2018/file/be53d253d6bc3258a8160556dda3e9b2-Paper.pdf}}

@article{DBLP:journals/corr/Ehlers17,
  author    = {R{\"{u}}diger Ehlers},
  title     = {Formal Verification of Piece-Wise Linear Feed-Forward Neural Networks},
  journal   = {CoRR},
  volume    = {abs/1705.01320},
  year      = {2017},
  url       = {http://arxiv.org/abs/1705.01320},
  eprinttype = {arXiv},
  eprint    = {1705.01320},
  timestamp = {Mon, 13 Aug 2018 16:47:27 +0200},
  biburl    = {https://dblp.org/rec/journals/corr/Ehlers17.bib},
  bibsource = {dblp computer science bibliography, https://dblp.org}
}
